@misc{acceptance,
	title = "Image of the acceptance of using simulation taken from \rm{\texttt{https://lhcb.web.cern.ch/lhcb/speakersbureau/html/bb$\_$ProductionAngles.html}}",
	collaboration  = "LHCb collaboration",
	year = "Accessed in 2017"
}


@misc{complex,
	title = "Image of the CERN Accelerator Complex from \rm{\texttt{https://cds.cern.ch/record/2225847}}",
	year = "Accessed in 2017"
}


@misc{lhcbdetector,
	title = "Image of the LHCb Detector from \rm{\texttt{http://cds.cern.ch/record/1087860}}",
	year = "Accessed in 2017"
}

@misc{lumiover,
	title = "Image of the luminosty overview from \rm{\texttt{https://lbgroups.cern.ch/online/OperationsPlots/index$\_$files/IntegratedLumiLHCbTime$\_$YearlyCumul.png}}",
	year = "Accessed in 2017"
}

@ARTICLE{2010arXiv1001.0316R,
	author = {{Roos}, M.},
	title = "{Dark Matter: The evidence from astronomy, astrophysics and cosmology}",
	journal = {ArXiv e-prints},
	archivePrefix = "arXiv",
	eprint = {1001.0316},
	primaryClass = "astro-ph.CO",
	keywords = {Astrophysics - Cosmology and Extragalactic Astrophysics},
	year = 2010,
	month = jan,
	adsurl = {http://adsabs.harvard.edu/abs/2010arXiv1001.0316R},
	adsnote = {Provided by the SAO/NASA Astrophysics Data System}
}
@article{PhysRevD.87.074502,
	title = {${\ensuremath{\Lambda}}_{b}\ensuremath{\rightarrow}\ensuremath{\Lambda}{\ensuremath{\ell}}^{\mathbf{+}}{\ensuremath{\ell}}^{\mathbf{-}}$ form factors and differential branching fraction from lattice QCD},
	author = {Detmold, William and Lin, C.-J. David and Meinel, Stefan and Wingate, Matthew},
	journal = {Phys. Rev. D},
	volume = {87},
	issue = {7},
	pages = {074502},
	numpages = {21},
	year = {2013},
	month = {Apr},
	publisher = {American Physical Society},
	doi = {10.1103/PhysRevD.87.074502},
	url = {http://link.aps.org/doi/10.1103/PhysRevD.87.074502}
}
@article{Aaij:2016cla,
	author         = "Aaij, Roel and others",
	title          = "{Measurement of matter-antimatter differences in beauty
		baryon decays}",
collaboration  = "LHCb",
year           = "2016",
eprint         = "1609.05216",
archivePrefix  = "arXiv",
primaryClass   = "hep-ex",
reportNumber   = "CERN-EP-2016-212, LHCB-PAPER-2016-030",
SLACcitation   = "%%CITATION = ARXIV:1609.05216;%%"
}
@article{Detmold:2016pkz,
	author         = "Detmold, William and Meinel, Stefan",
	title          = "{$\Lambda_b \to \Lambda \ell^+ \ell^-$ form factors,
	differential branching fraction, and angular observables
		from lattice QCD with relativistic $b$ quarks}",
journal        = "Phys. Rev.",
volume         = "D93",
year           = "2016",
number         = "7",
pages          = "074501",
doi            = "10.1103/PhysRevD.93.074501",
eprint         = "1602.01399",
archivePrefix  = "arXiv",
primaryClass   = "hep-lat",
reportNumber   = "RBRC-1163, MIT-CTP-4767",
SLACcitation   = "%%CITATION = ARXIV:1602.01399;%%"
}
@techreport{Puig:1970930,
	author        = "Puig, Albert",
	title         = "{The LHCb trigger in 2011 and 2012}",
	institution   = "CERN",
	address       = "Geneva",
	number        = "LHCb-PUB-2014-046. CERN-LHCb-PUB-2014-046",
	month         = "Nov",
	year          = "2014",
	reportNumber  = "LHCb-PUB-2014-046",
	url           = "https://cds.cern.ch/record/1970930",
}
@techreport{BBDTstuff,
	author        = "Gligorov, Vladimir V and Thomas, Christopher and Williams,
	Michael",
	title         = "{The HLT inclusive B triggers}",
	institution   = "CERN",
	address       = "Geneva",
	number        = "LHCb-PUB-2011-016. CERN-LHCb-PUB-2011-016.
		LHCb-INT-2011-030",
	month         = "Sep",
	year          = "2011",
	reportNumber  = "LHCb-PUB-2011-016",
	url           = "https://cds.cern.ch/record/1384380",
	note          = "LHCb-INT-2011-030",
}
@article{ARGUS,
	author = "Albrecht, H and others",
	collaboration = "The ARGUS collaboration",
	title = "{Observation of $\Bd-\overline{\Bd}$ mixing}",
	year = 1987,
	journal	 ="Physics Letters B",
	note         = "\href{http://www.sciencedirect.com/science/article/pii/0370269387911774}{Physics Letters B Volume 192 Issue 2, Pages 245-252}"					 }
	@article{2011trig,
		author = "Aaij, R. and others",
		title = "{The LHCb Trigger and its Performance in 2011}",
		year = 2013,
		journal	 ="J. Inst., Volume 8",
		note         = "\href{http://arxiv.org/abs/1211.3055v2}{arXiv:1211.3055v2}"					 }	
		@article{book,
			author = "O.N. Hartmann and others",
			title = "{Proceedings of the International Conference on Exotic Atoms and Related Topics}",
			year = "Vienna 5-9 September 2011",
			journal	 ="\href{https://cds.cern.ch/record/2053147?ln=en}{EXA 2011}"}

			@article{Punzi:2003bu,
				author         = "Punzi, Giovanni",
				title          = "{Sensitivity of searches for new signals and its
					optimization}",
			booktitle      = "{Statistical problems in particle physics, astrophysics
				and cosmology. Proceedings, Conference, PHYSTAT 2003, Stanford, USA, September 8-11, 2003}",
			journal        = "eConf",
			volume         = "C030908",
			year           = "2003",
			pages          = "MODT002",
			eprint         = "physics/0308063",
			archivePrefix  = "arXiv",
			primaryClass   = "physics",
			reportNumber   = "PHYSTAT-2003-MODT002",
			}									            SLACcitation   = "%%CITATION = PHYSICS/0308063;%%"
@article{kfold,
	author        = "Blum, A and others",
	title         = "{Beating the hold-out: Bounds for k-fold and progressive cross-validation, in Proceedings of the Twelfth Annual Conference on Computational Learning Theory}",
	year          = "1999",
	note          = "COLT 1999 (New York USA) pp. 203-208"
}
@Article{TMVA, 
	author	=	"Hoecker, Andreas and Speckmayer, Peter and Stelzer, Joerg and Therhaag, Jan and von Toerne, Eckhard and Voss, Helge",
	title	 = 	"{TMVA: Toolkit for Multivariate Data Analysis}",
	journal	 = 	"PoS",
	volume	 = 	"ACAT",
	year	 = 	"2007",
	pages	 = 	"040",
	eprint	 = 	"physics/0703039",
	archivePrefix	 = 	"arXiv",
	SLACcitation	 = 	"%%CITATION = PHYSICS/0703039;%%"}

	@article{LHCB-ANA-2014-048,
		author         = "Aaij, Roel and others",
		title          = "{Determination of the quark coupling strength $|V_{ub}|$
			using baryonic decays}",
	collaboration  = "The LHCb collaboration",
	journal        = "Nature Phys.",
	volume         = "11",
	year           = "2015",
	pages          = "743-747",
	doi            = "10.1038/nphys3415",
	eprint         = "1504.01568",
	archivePrefix  = "arXiv",
	primaryClass   = "hep-ex",
	reportNumber   = "CERN-PH-EP-2015-084, LHCB-PAPER-2015-013",
	SLACcitation   = "%%CITATION = ARXIV:1504.01568;%%"
	}
@article{Lange:2001uf,
	title     = "{The EvtGen particle decay simulation package}",
	author    = "Lange, D. J.",     
	journal   = "Nucl. Instrum. Meth.",
	volume    = "A462",
	year      = "2001",
	pages     = "152-155",
	doi       = "10.1016/S0168-9002(01)00089-4",
	SLACcitation  = "%%CITATION = NUIMA,A462,152;%%"
}

@article{LHCb-PROC-2011-006,
	author="Clemencic, M and others",
	title="{The \lhcb simulation application, \gauss: design, evolution and experience}",
	journal="{J. Phys. Conf. Ser.}",
	volume={331},
	pages={032023},
	doi={10.1088/1742-6596/331/3/032023},
	year={2011},
}

@article{Geant4,
	author         = "Allison, John and Amako, K. and Apostolakis, J. and
		Araujo, H. and Dubois, P.A. and others",
	collaboration = "Geant4 collaboration",
	title          = "{Geant4 developments and applications}",
	journal        = "IEEE Trans.Nucl.Sci.",
	volume         = "53",
	pages          = "270",
	doi            = "10.1109/TNS.2006.869826",
	year           = "2006",
	reportNumber   = "SLAC-PUB-11870",
	SLACcitation   = "%%CITATION = IETNA,53,270;%%",
}
@Article{Agostinelli:2002hh,
	author    = "Agostinelli, S. and others",
	collaboration = "Geant4 collaboration",
	title     = "{Geant4: a simulation toolkit}",
	journal   = "Nucl. Instrum. Meth.",
	volume    = "A506",
	year      = "2003",
	pages     = "250",
	doi       = "10.1016/S0168-9002(03)01368-8",
	SLACcitation  = "%%CITATION = NUIMA,A506,250;%%"
}

@article{LHCb-PROC-2010-056,
	author         = "Belyaev, I. and others",
	title          = "{Handling of the generation of primary events in \gauss, the \lhcb simulation framework}",
	journal        = "Nuclear Science Symposium Conference Record
		(NSS/MIC)",
	volume         = "IEEE",
	pages          = "1155",
	year           = "2010",
	doi            = "10.1109/NSSMIC.2010.5873949",
}
% Crystal Ball function
@PhdThesis{Skwarnicki:1986xj,
	author    = "Skwarnicki, Tomasz",
	title     = "{A study of the radiative cascade transitions between the
		Upsilon-prime and Upsilon resonances}",
school =       {Institute of Nuclear Physics, Krakow},
year =         {1986},
note =         "{\href{http://inspirehep.net/record/230779/files/230779.pdf}{DESY-F31-86-02}}",
SLACcitation   = "%%CITATION = DESY-F31-86-02 ETC.;%%"
}

@article{LbKjpsi,
	author         = "Aaij, R. and others",
	title          = "{Study of the production of $\Lambda_b^0$ and
		$\overline{B}^0$ hadrons in $pp$ collisions and first
		measurement of the $\Lambda_b^0\rightarrow J/\psi pK^-$
		branching fraction}",
collaboration  = "The LHCb collaboration",
journal        = "Chin. Phys.",
volume         = "C40",
year           = "2016",
number         = "1",
pages          = "011001",
doi            = "10.1088/1674-1137/40/1/011001",
eprint         = "1509.00292",
archivePrefix  = "arXiv",
primaryClass   = "hep-ex",
reportNumber   = "CERN-PH-EP-2015-223, LHCB-PAPER-2015-032",
SLACcitation   = "%%CITATION = ARXIV:1509.00292;%%"
}
@misc{DDpat,
	title        = "{Measurement of branching fractions,
	isospin asymmetries and angular
		observables in exclusive electroweak
		penguin decays}",
author = "Patrick Haworth Owen",
note = "\href{https://cds.cern.ch/record/1709690/files/CERN-THESIS-2014-057.pdf}{CERN thesis 2014-057}",
year = 2014
}									  

@article{g_2_theory,
	title = "{Tenth-Order QED Contribution to the Electron $g\mathbf{-}2$ and an Improved Value of the Fine Structure Constant}",
	author = "Aoyama, Tatsumi and Hayakawa, Masashi and Kinoshita, Toichiro and Nio, Makiko",
	journal = {Phys. Rev. Lett.},
	volume = {109},
	issue = {11},
	pages = {111807},
	numpages = {4},
	year = {2012},
	month = {Sep},
	publisher = {American Physical Society},
	doi = {10.1103/PhysRevLett.109.111807},
	url = {http://link.aps.org/doi/10.1103/PhysRevLett.109.111807}
}			
@techreport{patseed,
	author        = "Callot, O and Schiller, M",
	title         = "{PatSeeding: A Standalone Track Reconstruction Algorithm}",
	institution   = "CERN",
	address       = "Geneva",
	number        = "LHCb-2008-042. CERN-LHCb-2008-042",
	month         = "Aug",
	year          = "2008",
	reportNumber  = "LHCb-2008-042",
	url           = "https://cds.cern.ch/record/1119095",
}
@article{wolf,
	title = "{Wolfenstein parametrization at higher order: Seeming discrepancies and their resolution}",
	journal = "Physics Letters B ",
	volume = "703",
	number = "5",
	pages = "571 - 575",
	year = "2011",
	note = "",
	issn = "0370-2693",
	doi = "http://dx.doi.org/10.1016/j.physletb.2011.08.047",
	url = "http://www.sciencedirect.com/science/article/pii/S0370269311009956",
	author = "Y.H. Ahn and Hai-Yang Cheng and Sechul Oh",
	abstract = "The precise determination of the Cabibbo–Kobayashi–Maskawa (CKM) matrix elements is extremely important towards the understanding of \{CP\} violation. We explicitly study seeming discrepancies between the \{CKM\} matrix elements at the higher order of the expansion parameter λ in different Wolfenstein parametrizations derived from different exact parametrizations. A systematic way of resolving the seeming discrepancies is proposed. We find that most of the discrepancies can be naturally resolved by a proper redefinition of the numerically small (of order λ) parameters. Our approach is further applied to the cases for the Wolfenstein-like parametrizations, such as the Qin–Ma parametrization. "
}
@article{g_2_exp,
	title = "{Cavity control of a single-electron quantum cyclotron: Measuring the electron magnetic moment}",
	author = "Hanneke, D. and Fogwell Hoogerheide, S. and Gabrielse, G.",
	journal = {Phys. Rev. A},
	volume = {83},
	issue = {5},
	pages = {052122},
	numpages = {26},
	year = {2011},
	month = {May},
	publisher = {American Physical Society},
	doi = {10.1103/PhysRevA.83.052122},
	url = {http://link.aps.org/doi/10.1103/PhysRevA.83.052122}
}
@article{kaonmix,
	author         = "Isidori, Gino and Nir, Yosef and Perez, Gilad",
	title          = "{Flavor Physics Constraints for Physics Beyond the
		Standard Model}",
journal        = "Ann. Rev. Nucl. Part. Sci.",
volume         = "60",
year           = "2010",
pages          = "355",
doi            = "10.1146/annurev.nucl.012809.104534",
eprint         = "1002.0900",
archivePrefix  = "arXiv",
primaryClass   = "hep-ph",
SLACcitation   = "%%CITATION = ARXIV:1002.0900;%%"
}
@article{pimumunew,
	author         = "Aaij, Roel and others",
	title          = "{First measurement of the differential branching fraction
		and $C\!P$ asymmetry of the $B^\pm\to\pi^\pm\mu^+\mu^-$
		decay}",
collaboration  = "The LHCb collaboration",
journal        = "JHEP",
volume         = "10",
year           = "2015",
pages          = "034",
doi            = "10.1007/JHEP10(2015)034",
eprint         = "1509.00414",
archivePrefix  = "arXiv",
primaryClass   = "hep-ex",
reportNumber   = "LHCB-PAPER-2015-035, CERN-PH-EP-2015-219",
SLACcitation   = "%%CITATION = ARXIV:1509.00414;%%"
}
@article{bpimumuff1,
	author         = "Bona, M. and others",
	title          = "{Model-independent constraints on $\Delta F=2$ operators
		and the scale of new physics}",
collaboration  = "UTfit",
journal        = "JHEP",
volume         = "03",
year           = "2008",
pages          = "049",
doi            = "10.1088/1126-6708/2008/03/049",
eprint         = "0707.0636",
archivePrefix  = "arXiv",
primaryClass   = "hep-ph",
SLACcitation   = "%%CITATION = ARXIV:0707.0636;%%"
}
@article{bpimumuff2,
	author         = "Sentitemsu Imsong, I. and Khodjamirian, Alexander and
		Mannel, Thomas and van Dyk, Danny",
	title          = "{Extrapolation and unitarity bounds for the B $\to\pi$ form
		factor}",
journal        = "JHEP",
volume         = "02",
year           = "2015",
pages          = "126",
doi            = "10.1007/JHEP02(2015)126",
eprint         = "1409.7816",
archivePrefix  = "arXiv",
primaryClass   = "hep-ph",
reportNumber   = "SI-HEP-2014-21, QFET-2014-14, EOS-2014-02",
SLACcitation   = "%%CITATION = ARXIV:1409.7816;%%"
}
@article{bKmumuff1,
	author         = "Ball, Patricia and Zwicky, Roman",
	title          = "{New results on $B \to \pi, K, \eta$ decay form factors
		from light-cone sum rules}",
journal        = "Phys. Rev.",
volume         = "D71",
year           = "2005",
pages          = "014015",
doi            = "10.1103/PhysRevD.71.014015",
eprint         = "hep-ph/0406232",
archivePrefix  = "arXiv",
primaryClass   = "hep-ph",
reportNumber   = "IPPP-04-23, DCPT-04-46, TPI-MINN-04-25",
SLACcitation   = "%%CITATION = HEP-PH/0406232;%%"
}
@misc{pdg,
	title= "{Review of particle physics}",
	author        = "{K.A. Olive et al. (Particle Data Group)}",
	note         = "\href{http://pdg.lbl.gov/}{Chin. Phys. C, 38, 090001 (2014) and 2015 update}",
	reportNumber = "g2theory",
}
@article{bpipi_th_1,
	author         = "Ali, Ahmed and Parkhomenko, Alexander {\relax Ya}. and
		Rusov, Aleksey V.",
	title          = "{Precise Calculation of the Dilepton Invariant-Mass
		Spectrum and the Decay Rate in $B^\pm \to \pi^\pm \mu^+
		\mu^-$ in the SM}",
journal        = "Phys. Rev.",
volume         = "D89",
year           = "2014",
number         = "9",
pages          = "094021",
doi            = "10.1103/PhysRevD.89.094021",
eprint         = "1312.2523",
archivePrefix  = "arXiv",
primaryClass   = "hep-ph",
reportNumber   = "DESY-13-153",
SLACcitation   = "%%CITATION = ARXIV:1312.2523;%%"
}
@article{bpipi_th_2,
	author="M. Bartsch and M. Beylich and G. Buchalla and D.-N. Gao",
	title="{Precision flavour physics with B $\rightarrow\kaon\nu\overline{\nu}$ and B $\rightarrow \kaon\lepton^{+}\lepton^{-}$}",
	journal={JHEP},
	volume={2009},
	number={11},
	pages={011},
	url={http://stacks.iop.org/1126-6708/2009/i=11/a=011},
	year={2009},
} 
@article{bpipi_th_3,
	author         = "Hambrock, Christian and Khodjamirian, Alexander and
		Rusov, Aleksey",
	title          = "{Hadronic effects and observables in $B\to
		\pi\ell^{+}\ell^{-}$ decay at large recoil}",
journal        = "Phys. Rev.",
volume         = "D92",
year           = "2015",
number         = "7",
pages          = "074020",
doi            = "10.1103/PhysRevD.92.074020",
eprint         = "1506.07760",
archivePrefix  = "arXiv",
primaryClass   = "hep-ph",
reportNumber   = "SI-HEP-2015-10, QFET-2015-11,
SI-HEP-2015-10-QFET-2015-11",
SLACcitation   = "%%CITATION = ARXIV:1506.07760;%%"
}
@article{bpipi_th_4,
	author         = "Li, Zuo-Hong and Si, Zong-Guo and Wang, Ying and Zhu,
	Nan",
	title          = "{$B\to \pi\ell^{+}\ell^{-}$ decays revisited in the
		standard model}",
year           = "2014",
eprint         = "1411.0466",
archivePrefix  = "arXiv",
primaryClass   = "hep-ph",
SLACcitation   = "%%CITATION = ARXIV:1411.0466;%%"
}
@article{bKmumu,
	author         = "Aaij, R. and others",
	title          = "{Differential branching fractions and isospin asymmetries
		of $B \to K^{(*)} \mu^+ \mu^-$ decays}",
collaboration  = "The LHCb collaboration",
journal        = "JHEP",
volume         = "06",
year           = "2014",
pages          = "133",
doi            = "10.1007/JHEP06(2014)133",
eprint         = "1403.8044",
archivePrefix  = "arXiv",
primaryClass   = "hep-ex",
reportNumber   = "LHCB-PAPER-2014-006, CERN-PH-EP-2014-055",
SLACcitation   = "%%CITATION = ARXIV:1403.8044;%%"
}
@article{dark2014,
	author = "Schumann, Marc",
	title = "{Dark Matter 2014}",
	DOI= "10.1051/epjconf/20159601027",
	url= "http://dx.doi.org/10.1051/epjconf/20159601027",
	journal = {EPJ Web of Conferences},
	year = 2015,
	volume = 96,
	pages = "01027",
}
@article {proton,
	author = {D{\"u}rr, S. and others},
	title = "{Ab Initio Determination of Light Hadron Masses}",
	volume = {322},
	number = {5905},
	pages = {1224--1227},
	year = {2008},
	doi = {10.1126/science.1163233},
	publisher = {American Association for the Advancement of Science},
	issn = {0036-8075},
	journal = {Science}
}
@article{Meinel,
	title = "{${\ensuremath{\Lambda}}_{b}\ensuremath{\rightarrow}\ensuremath{\Lambda}{\ensuremath{\ell}}^{\mathbf{+}}{\ensuremath{\ell}}^{\mathbf{-}}$ form factors and differential branching fraction from lattice QCD}",
	author = {Detmold, William and Lin, C.-J. David and Meinel, Stefan and Wingate, Matthew},
	journal = {Phys. Rev. D},
	volume = {87},
	issue = {7},
	pages = {074502},
	numpages = {21},
	year = {2013},
	month = {Apr},
	publisher = {American Physical Society},
	doi = {10.1103/PhysRevD.87.074502},
	url = {http://link.aps.org/doi/10.1103/PhysRevD.87.074502}
}
@article{lbtolmumu,
	author         = "Aliev, T. M. and Azizi, K. and Savci, M.",
	title          = "{Analysis of the $\Lambda_{b}\rightarrow \Lambda
		\ell^+\ell^- $ decay in QCD}",
journal        = "Phys. Rev.",
volume         = "D81",
year           = "2010",
pages          = "056006",
doi            = "10.1103/PhysRevD.81.056006",
eprint         = "1001.0227",
archivePrefix  = "arXiv",
primaryClass   = "hep-ph",
SLACcitation   = "%%CITATION = ARXIV:1001.0227;%%"
}
@article{ckm,
	author  = "Charles, J and others",
	collaboration = "CKMfitter Group",
	note         = " \href{http://ckmfitter.in2p3.fr}{Eur. Phys. J. C41, 1-131 (2005) [hep-ph/0406184]}, updated results and plots available at: \url{http://ckmfitter.in2p3.fr}"
}
@article{vtdvts,
	collaboration  = "Fermilab Lattice, MILC",
	title          = "{$B^0_{(s)}$-mixing matrix elements from lattice QCD for the Standard Model and beyond}",
	author         = "Bazavov, A. and others",
	note         = "\href{http://arxiv.org/abs/1602.03560v1}{arXiv:1602.03560v1}"
}
@misc{higgs,
	title= "{The Standard Model Higgs Bosons}",
	author  = "{Taken from the Lectures on Particle Physics series, Nikhef}",
	note         = "\href{https://www.nikhef.nl/~ivov/HiggsLectureNote.pdf}{P.P. notes, Nikhef, Acquired 2016}",
	collaboration  = "The LHCb collaboration",
	year = "2013-2014"
}
@article{det_paper,
	author         = "Alves, Jr., A. Augusto and others",
	title          = "{The LHCb Detector at the LHC}",
	collaboration  = "The LHCb collaboration",
	journal        = "JINST",
	volume         = "3",
	year           = "2008",
	pages          = "S08005",
	doi            = "10.1088/1748-0221/3/08/S08005",
	SLACcitation   = "%%CITATION = JINST,3,S08005;%%"
}
@misc{Sam,
	title= "{The scalar component of $\B^{0}\rightarrow K^{+} \pi^{-} \mu^{+} \mu^{-}$}",
	author  = "{Sam Cunliffe}",
	note         = "\href{http://www.hep.ph.ic.ac.uk/~stc09/Cunliffe-S-2016-PhD-Thesis.pdf}{PhD Thesis, Imperial College London}",
	year = 2015
}
@misc{OT,
	title= "{Image of the Tracker System taken from \href{https://lhcb-public.web.cern.ch/lhcb-public/en/Detector/Trackers2-en.html}{the LHCb public web page}}",
	year = "Accessed in 2017"
}

@article{Forty:1999sg,
      author         = "Forty, R.",
      title          = "{RICH pattern recognition for LHCb}",
      booktitle      = "{Proceedings,  3rd International Workshop on Ring Imaging
                        Cherenkov Detectors:Advances in Cherenkov light imaging
                        techniques and applications  (RICH 1998): Ein-Gedi,
                        Israel, November 15-20, 1998}",
      collaboration  = "LHCb",
      journal        = "Nucl. Instrum. Meth.",
      volume         = "A433",
      year           = "1999",
      pages          = "257-261",
      doi            = "10.1016/S0168-9002(99)00310-1",
      SLACcitation   = "%%CITATION = NUIMA,A433,257;%%"
}

@techreport{downstream,
	author        = "Callot, O",
	title         = "{Downstream Pattern Recognition}",
	institution   = "CERN",
	address       = "Geneva",
	number        = "LHCb-2007-026. CERN-LHCb-2007-026",
	month         = "Mar",
	year          = "2007",
	reportNumber  = "LHCb-2007-026",
	url           = "http://cds.cern.ch/record/1025827",
}
@techreport{forward,
	author        = "Callot, O and Hansmann-Menzemer, S",
	title         = "{The Forward Tracking: Algorithm and Performance Studies}",
	institution   = "CERN",
	address       = "Geneva",
	number        = "LHCb-2007-015. CERN-LHCb-2007-015",
	month         = "May",
	year          = "2007",
	reportNumber  = "LHCb-2007-015",
	url           = "http://cds.cern.ch/record/1033584",
}
@article{muon,
	author="A A Alves and others",
	title="{Performance of the LHCb muon system}",
	journal={J. Inst.},
	volume={8},
	number={02},
	pages={P02022},
	url={http://stacks.iop.org/1748-0221/8/i=02/a=P02022},
	year={2013},
	abstract={The performance of the LHCb Muon system and its stability across the full 2010 data taking with LHC running at √ s = 7 TeV energy is studied. The optimization of the detector setting and the time calibration performed with the first collisions delivered by LHC is described. Particle rates, measured for the wide range of luminosities and beam operation conditions experienced during the run, are compared with the values expected from simulation. The space and time alignment of the detectors, chamber efficiency, time resolution and cluster size are evaluated. The detector performance is found to be as expected from specifications or better. Notably the overall efficiency is well above the design requirements.}
}
@misc{rich1dia,
	title = "Image of the RICH detector taken from \href{https://lhcb-public.web.cern.ch/lhcb-public/en/Detector/RICH2-en.html}{the LHCb public web page}",
	year = "Acquired 2016"
}
@article{sPlot,
	author         = "Pivk, Muriel and Le Diberder, Francois R.",
	title          = "{SPlot: A Statistical tool to unfold data distributions}",
	journal        = "Nucl. Instrum. Meth.",
	volume         = "A555",
	year           = "2005",
	pages          = "356-369",
	doi            = "10.1016/j.nima.2005.08.106",
	eprint         = "physics/0402083",
	archivePrefix  = "arXiv",
	primaryClass   = "physics.data-an",
	reportNumber   = "LAL-04-07",
	SLACcitation   = "%%CITATION = PHYSICS/0402083;%%"
}
@misc{uksem,
	title = "{Track reconstruction in LHCb}",
	author = "Tilburg, J",
	note = "\href{https://indico.cern.ch/event/280053/contribution/1/attachments/513093/708085/Tracking_Seminar_131029.pdf}{LHCb UK student seminar 29 Oct. 2016}",
	year = "2013"
}
@article{miniboone,
	author         = "Roe, Byron P. and Yang, Hai-Jun and Zhu, Ji and Liu, Yong
		and Stancu, Ion and McGregor, Gordon",
	title          = "{Boosted decision trees, an alternative to artificial
		neural networks}",
journal        = "Nucl. Instrum. Meth.",
volume         = "A543",
year           = "2005",
number         = "2-3",
pages          = "577-584",
doi            = "10.1016/j.nima.2004.12.018",
eprint         = "physics/0408124",
archivePrefix  = "arXiv",
primaryClass   = "physics",
SLACcitation   = "%%CITATION = PHYSICS/0408124;%%"
}
@misc{bonsai,
	title = "Efficient, reliable and fast high-level triggering using a bonsai boosted decision tree",
	author = "V. Gligorov and others",
	note = "\href{http://arxiv.org/abs/1210.6861}{arXiv:1210.6861} 2013 JINST 8 P02013",
	year = "2012"
}
@article{trigperf,
	author         = "Albrecht, Johannes and Gligorov, V. V. and Raven, G. and
		Tolk, S.",
	title          = "{Performance of the LHCb High Level Trigger in 2012}",
	booktitle      = "{Proceedings, 20th International Conference on Computing
		in High Energy and Nuclear Physics (CHEP 2013): Amsterdam,
		The Netherlands, October 14-18, 2013}",
collaboration  = "LHCb HLT project",
journal        = "J. Phys. Conf. Ser.",
volume         = "513",
year           = "2014",
pages          = "012001",
doi            = "10.1088/1742-6596/513/1/012001",
eprint         = "1310.8544",
archivePrefix  = "arXiv",
primaryClass   = "hep-ex",
SLACcitation   = "%%CITATION = ARXIV:1310.8544;%%"
}
@article{muonID,
	author         = "Archilli, F. and others",
	title          = "{Performance of the Muon Identification at LHCb}",
	journal        = "JINST",
	volume         = "8",
	year           = "2013",
	pages          = "P10020",
	doi            = "10.1088/1748-0221/8/10/P10020",
	eprint         = "1306.0249",
	archivePrefix  = "arXiv",
	primaryClass   = "physics.ins-det",
	reportNumber   = "CERN-LHCB-DP-2013-001, LHCB-DP-2013-001",
	SLACcitation   = "%%CITATION = ARXIV:1306.0249;%%"
}
@article{pythia6,
	author         = "Sjostrand, Torbjorn and Mrenna, Stephen and Skands, Peter
		Z.",
	title          = "{PYTHIA 6.4 Physics and Manual}",
	journal        = "JHEP",
	volume         = "05",
	year           = "2006",
	pages          = "026",
	doi            = "10.1088/1126-6708/2006/05/026",
	eprint         = "hep-ph/0603175",
	archivePrefix  = "arXiv",
	primaryClass   = "hep-ph",
	reportNumber   = "FERMILAB-PUB-06-052-CD-T, LU-TP-06-13",
	SLACcitation   = "%%CITATION = HEP-PH/0603175;%%"
}
@article{pythia8,
	author         = "Sjostrand, Torbjorn and Mrenna, Stephen and Skands, Peter
		Z.",
	title          = "{A Brief Introduction to PYTHIA 8.1}",
	journal        = "Comput. Phys. Commun.",
	volume         = "178",
	year           = "2008",
	pages          = "852-867",
	doi            = "10.1016/j.cpc.2008.01.036",
	eprint         = "0710.3820",
	archivePrefix  = "arXiv",
	primaryClass   = "hep-ph",
	reportNumber   = "CERN-LCGAPP-2007-04, LU-TP-07-28,
	FERMILAB-PUB-07-512-CD-T",
	SLACcitation   = "%%CITATION = ARXIV:0710.3820;%%"
}
@article{evtgen,
	title = "The EvtGen particle decay simulation package ",
	journal = "Nucl. Instrum. Meth. A",
	volume = "462",
	number = "1–2",
	pages = "152 - 155",
	year = "2001",
	note = "BEAUTY2000, Proceedings of the 7th Int. Conf. on B-Physics at Hadron Machines ",
	issn = "0168-9002",
	doi = "http://dx.doi.org/10.1016/S0168-9002(01)00089-4",
	url = "http://www.sciencedirect.com/science/article/pii/S0168900201000894",
	author = "David J. Lange",
	keywords = "Monte Carlo",
	keywords = "Event generator "
}
@article{photos,
	author         = "Golonka, Piotr and Was, Zbigniew",
	title          = "{PHOTOS Monte Carlo: A Precision tool for QED corrections
		in $Z$ and $W$ decays}",
journal        = "Eur. Phys. J.",
volume         = "C45",
year           = "2006",
pages          = "97-107",
doi            = "10.1140/epjc/s2005-02396-4",
eprint         = "hep-ph/0506026",
archivePrefix  = "arXiv",
primaryClass   = "hep-ph",
reportNumber   = "IFJPAN-V-05-01, CERN-PH-TH-2005-091",
SLACcitation   = "%%CITATION = HEP-PH/0506026;%%"
}
@misc{tracks,
	title= "{Measurement of the track reconstruction efficiency at LHCb}",
	collaboration        = "{The LHCb collaboration}",
	author        = "Aaij, R. and others",
	note         = "\href{http://arxiv.org/pdf/1408.1251v2.pdf}{arXiv:1408.1251} JINST 10 (2015) P02007",
	year = "2013",
}
@article{LHCbperf,
	author         = "R. Aaij and others",
	title         = "{LHCb Detector Performance}",
	journal       = "Int. J. Mod. Phys. A",
	collaboration = "The LHCb collaboration",
	number        = "arXiv:1412.6352. CERN-PH-EP-2014-290. LHCB-DP-2014-002.
		CERN-LHCB-DP-2014-002",
	volume        = "30",
	pages         = "1530022. 82 p",
	month         = "Dec",
	year          = "2014",
	reportNumber  = "arXiv:1412.6352",
	url           = "https://cds.cern.ch/record/1978280",
}
